@article{han2020survey,
  title={A survey on visual transformer},
  author={Han, Kai and Wang, Yunhe and Chen, Hanting and Chen, Xinghao and Guo, Jianyuan and Liu, Zhenhua and Tang, Yehui and Xiao, An and Xu, Chunjing and Xu, Yixing and others},
  journal={arXiv preprint arXiv:2012.12556},
  year={2020}
}